<?xml version="1.0" encoding="UTF-8"?>
<collection xmlns:xsi="http://www.w3.org/2001/XMLSchema-instance" xsi:schemaLocation="http://www.loc.gov/MARC21/slim http://www.loc.gov/standards/marcxml/schema/MARC21slim.xsd" xmlns="http://www.loc.gov/MARC21/slim">
<record>
  <leader>01237cam a2200289 a 4500</leader>
  <controlfield tag="001">6473754</controlfield>
  <controlfield tag="003">NNC</controlfield>
  <controlfield tag="005">20080318175813.0</controlfield>
  <controlfield tag="008">950113s1955    iq       b    000 0 arard</controlfield>
  <datafield tag="010" ind1=" " ind2=" ">
    <subfield code="a">   96958349 </subfield>
  </datafield>
  <datafield tag="035" ind1=" " ind2=" ">
    <subfield code="a">(OCoLC)ocm31813851</subfield>
  </datafield>
  <datafield tag="035" ind1=" " ind2=" ">
    <subfield code="a">(NNC)6473754</subfield>
  </datafield>
  <datafield tag="040" ind1=" " ind2=" ">
    <subfield code="a">OSU</subfield>
    <subfield code="c">OSU</subfield>
    <subfield code="d">DLC</subfield>
    <subfield code="d">OCLCQ</subfield>
  </datafield>
  <datafield tag="043" ind1=" " ind2=" ">
    <subfield code="a">a-iq---</subfield>
  </datafield>
  <datafield tag="066" ind1=" " ind2=" ">
    <subfield code="c">(3</subfield>
    <subfield code="c">(4</subfield>
  </datafield>
  <datafield tag="090" ind1=" " ind2=" ">
    <subfield code="a">DS79.9.M6</subfield>
    <subfield code="b">Q32 1955</subfield>
  </datafield>
  <datafield tag="100" ind1="1" ind2=" ">
    <subfield code="6">880-01</subfield>
    <subfield code="a">Qādirī, Fatḥ Allāh.</subfield>
  </datafield>
  <datafield tag="245" ind1="1" ind2="0">
    <subfield code="6">880-02</subfield>
    <subfield code="a">Ḥiṣār Nādir Shāh li-madīnat al-Mūṣil /</subfield>
    <subfield code="c">li-Fatḥ Allāh al-Qādirī al-Mūṣilī ; ḥaqqaqahu wa-ʻallaqa ḥawāshīhā Saʻīd al-Daywahʹchī.</subfield>
  </datafield>
  <datafield tag="260" ind1=" " ind2=" ">
    <subfield code="6">880-03</subfield>
    <subfield code="a">[Mūsil] :</subfield>
    <subfield code="b">Maṭbaʻat al-Hadaf,</subfield>
    <subfield code="c">1955.</subfield>
  </datafield>
  <datafield tag="300" ind1=" " ind2=" ">
    <subfield code="a">33 p. ;</subfield>
    <subfield code="c">26 cm.</subfield>
  </datafield>
  <datafield tag="504" ind1=" " ind2=" ">
    <subfield code="a">Includes bibliographical references.</subfield>
  </datafield>
  <datafield tag="651" ind1=" " ind2="0">
    <subfield code="a">Mosul (Iraq)</subfield>
    <subfield code="x">History</subfield>
    <subfield code="y">Siege, 1743</subfield>
    <subfield code="v">Poetry.</subfield>
  </datafield>
  <datafield tag="700" ind1="1" ind2=" ">
    <subfield code="a">Daywahʹchī, Saʻīd.</subfield>
  </datafield>
  <datafield tag="880" ind1="1" ind2=" ">
    <subfield code="6">100-01/(3/r</subfield>
    <subfield code="a">قادري، فتح الله.</subfield>
  </datafield>
  <datafield tag="880" ind1="1" ind2="0">
    <subfield code="6">245-02/(3/r</subfield>
    <subfield code="a">حصار نادر شاه لمدينة الموصل /</subfield>
    <subfield code="c">لفتح الله القادري الموصلي ؛ حققه وعلق حواشيها سعيد الديوهچي.</subfield>
  </datafield>
  <datafield tag="880" ind1=" " ind2=" ">
    <subfield code="6">260-03/(3/r</subfield>
    <subfield code="a">[الموصل] :</subfield>
    <subfield code="b">مطبعة الهدف،</subfield>
    <subfield code="c">1955.</subfield>
  </datafield>
  <datafield tag="955" ind1=" " ind2=" ">
    <subfield code="b">CU72943025</subfield>
    <subfield code="d">off,glx</subfield>
    <subfield code="e">DS79.9.M6 Q32 1955g</subfield>
  </datafield>
</record>
</collection>